%https://webstore.iec.ch/publication/59890
%https://www.ethercat.org/default.htm
%Adams
% Ortiz, Jose (May 18, 2011). "Introduction to Adams/Solver C++" (PDF). mscsoftware.com. Retrieved June 2, 2020.
%^ Jump up to: a b "Adams Real Dynamics for Functional Virtual Prototyping" (PDF). MSC Software. September 2013. Retrieved June 2, 2020.
@article{jansen2004real,
  title={Real-time Ethernet: the EtherCAT solution},
  author={Jansen, Dirk and Buttner, Holger},
  journal={Computing and Control Engineering},
  volume={15},
  number={1},
  pages={16--21},
  year={2004},
  publisher={IET}
}

@article{ng2006design,
  title={Design and development of 3--DOF modular micro parallel kinematic manipulator},
  author={Ng, CC and Ong, SK and Nee, Andrew YC},
  journal={The International Journal of Advanced Manufacturing Technology},
  volume={31},
  number={1-2},
  pages={188--200},
  year={2006},
  publisher={Springer}
}
@misc{bworld,
  author = {Ingo LÃ¼tkebohle},
  title = {{BWorld Robot Control Software}},
  howpublished = "\url{http://aiweb.techfak.uni-bielefeld.de/content/bworld-robot-control-software/}",
  year = {2008}, 
  note = "[Online; accessed 19-July-2008]"
}
@article{siciliano2009modelling,
  title={Modelling, planning and control},
  author={Siciliano, Bruno and Sciavicco, Lorenzo and Villani, Luigi and Oriolo, Giuseppe},
  journal={Advanced Textbooks in Control and Signal Processing. Springer,},
  year={2009},
  publisher={Springer}
}
@INPROCEEDINGS{7952985,
  author={Yang, Shishan and Baum, Marcus},
  booktitle={2017 IEEE International Conference on Acoustics, Speech and Signal Processing (ICASSP)}, 
  title={Extended Kalman filter for extended object tracking}, 
  year={2017},
  volume={},
  number={},
  pages={4386-4390},
  doi={10.1109/ICASSP.2017.7952985}}
  @article{Adams, 
 title={Introduction to Adams/Solver C++},
 author={Ortiz Jose},
 year={2011}
}
@article{mikkili2015review,
  title={Review of real-time simulator and the steps involved for implementation of a model from MATLAB/SIMULINK to real-time},
  author={Mikkili, Suresh and Panda, Anup Kumar and Prattipati, Jayanthi},
  journal={Journal of The Institution of Engineers (India): Series B},
  volume={96},
  number={2},
  pages={179--196},
  year={2015},
  publisher={Springer}
}
@article{iec2016iec,
	title={IEC 61784-3-3},
	author={IEC-International Electrotechnical Commission and others},
	year={2016}
}
@article{iec2010iec,
  title={IEC 61158-1:2019},
  author={IEC-International Electrotechnical Commission and others},
  year={2019},
  howpublished="\url{https://webstore.iec.ch/publication/59890}" 
}
